<record><leader>00000cas a22000007a 4500</leader><controlfield tag="001">16896486</controlfield><controlfield tag="008">871026d18841970ohuwr ne      0    0eng d</controlfield><datafield ind1=" " ind2=" " tag="010"><subfield code="a">sn 87075169 </subfield></datafield><datafield ind1=" " ind2=" " tag="040"><subfield code="a">ONP</subfield><subfield code="b">eng</subfield><subfield code="c">ONP</subfield><subfield code="d">OCLCQ</subfield><subfield code="d">DLC</subfield><subfield code="d">OCLCF</subfield></datafield><datafield ind1=" " ind2=" " tag="042"><subfield code="a">msc</subfield></datafield><datafield ind1=" " ind2=" " tag="043"><subfield code="a">n-us-oh</subfield></datafield><datafield ind1="0" ind2="0" tag="245"><subfield code="a">McArthur Democrat-enquirer.</subfield></datafield><datafield ind1=" " ind2=" " tag="260"><subfield code="a">M'arthur, Vinton County, Ohio :</subfield><subfield code="b">Wm. M. Entler,</subfield><subfield code="c">1884-1970.</subfield></datafield><datafield ind1=" " ind2=" " tag="300"><subfield code="a">v.</subfield></datafield><datafield ind1=" " ind2=" " tag="310"><subfield code="a">Weekly</subfield></datafield><datafield ind1="0" ind2=" " tag="362"><subfield code="a">N.S. vol. 18, no. 3 (Jan. 17, 1884)-v. 117, no. 41 (Oct. 8, 1970).</subfield></datafield><datafield ind1=" " ind2=" " tag="500"><subfield code="a">Title varies slightly.</subfield></datafield><datafield ind1=" " ind2="0" tag="651"><subfield code="a">McArthur (Ohio)</subfield><subfield code="v">Newspapers.</subfield></datafield><datafield ind1=" " ind2="7" tag="655"><subfield code="a">Newspapers.</subfield><subfield code="2">fast</subfield><subfield code="0">(OCoLC)fst01423814</subfield></datafield><datafield ind1=" " ind2="7" tag="651"><subfield code="a">Ohio</subfield><subfield code="z">McArthur.</subfield><subfield code="2">fast</subfield><subfield code="0">(OCoLC)fst01269919</subfield></datafield><datafield ind1=" " ind2=" " tag="752"><subfield code="a">United States</subfield><subfield code="b">Ohio</subfield><subfield code="c">Vinton</subfield><subfield code="d">McArthur.</subfield></datafield><datafield ind1="0" ind2="4" tag="780"><subfield code="t">McArthur enquirer</subfield><subfield code="x">2330-7218</subfield><subfield code="w">(DLC)sn 87075167</subfield><subfield code="w">(OCoLC)16896479</subfield></datafield><datafield ind1="0" ind2="4" tag="780"><subfield code="t">Vinton County Democrat</subfield><subfield code="w">(DLC)sn 87075168</subfield><subfield code="w">(OCoLC)16896483</subfield></datafield><datafield ind1="0" ind2="0" tag="785"><subfield code="t">Democrat-enquirer (McArthur, Ohio)</subfield><subfield code="w">(DLC)sn 89076242</subfield></datafield></record>